@article{Varga1995,
  title={Precise solution of few-body problems with the stochastic variational method on a correlated Gaussian basis},
  author={Varga, K{\'a}lm{\'a}n and Suzuki, Y},
  journal={Physical Review C},
  volume={52},
  number={6},
  pages={2885},
  year={1995},
  publisher={APS}
}

@article{Mitroy2013,
  title={Theory and application of explicitly correlated Gaussians},
  author={Mitroy, Jim and Bubin, Sergiy and Horiuchi, Wataru and Suzuki, Yasuyuki and Adamowicz, Ludwik and Cencek, Wojciech and Szalewicz, Krzysztof and Komasa, Jacek and Blume, D and Varga, K{\'a}lm{\'a}n},
  journal={Reviews of Modern Physics},
  volume={85},
  number={2},
  pages={693},
  year={2013},
  publisher={APS}
}

@book{Suzuki1998,
  title={Stochastic variational approach to quantum-mechanical few-body problems},
  author={Suzuki, Yasuyuki and Varga, K{\'a}lm{\'a}n},
  volume={54},
  year={1998},
  publisher={Springer Science \& Business Media}
}